Use String para colocar el nombre de las revistas abreviado, si este es muy largo

@String{ABD    = {Anais Brasileiros de Dermatologia}}
@String{CP	   = {Carbohydrate Polymers}}

Inserte la bibliografía de aquí en adelante usando el símbolo arroba - Usted puede generar la bibliografía desde un gestor como Mendeley
Tipos de bibliografía
ARTICLE
INCOLLECTION - Capítulo de libro
BOOK - Libro completo
MASTERTHESIS
PHDTHESIS
PROCEEDINGS - Memorias de congresos

@misc{axani2019physics,
      title={The Physics Behind the CosmicWatch Desktop Muon Detectors}, 
      author={Spencer N. Axani},
      year={2019},
      eprint={1908.00146},
      archivePrefix={arXiv},
      primaryClass={physics.ins-det}
}

@misc{unal_55948,
        author = {},
        title = {LaTeX Plantilla para la presentación de Tesis UN},
        year = {2014},
        abstract = {La plantilla de tesis UN formato Latex, es un documento dirigido a la comunidad académica de la Universidad Nacional de Colombia, utilizada para la presentación de los trabajos de grado que contienen simbolos con letras y abreviaturas},
        url = {https://repositorio.unal.edu.co/handle/unal/55948}
}

@online{Nucelar_phoenix,
  author = {Nuclear Phoenix},
  title = {Open-Gamma-Detector},
  year = 2024,
  url = {https://github.com/OpenGammaProject/Open-Gamma-Detector},
  urldate = {2024-03-09}
}