@misc{unal_55948,
        author = {},
        title = {LaTeX Plantilla para la presentación de Tesis UN},
        year = {2014},
        abstract = {La plantilla de tesis UN formato Latex, es un documento dirigido a la comunidad académica de la Universidad Nacional de Colombia, utilizada para la presentación de los trabajos de grado que contienen simbolos con letras y abreviaturas},
        url = {https://repositorio.unal.edu.co/handle/unal/55948}
        }