Use String para colocar el nombre de las revistas abreviado, si este es muy largo

@String{ABD    = {Anais Brasileiros de Dermatologia}}
@String{CP	   = {Carbohydrate Polymers}}

Inserte la bibliografía de aquí en adelante usando el símbolo arroba - Usted puede generar la bibliografía desde un gestor como Mendeley
Tipos de bibliografía
ARTICLE
INCOLLECTION - Capítulo de libro
BOOK - Libro completo
MASTERTHESIS
PHDTHESIS
PROCEEDINGS - Memorias de congresos